@article{hrennikoff1941solution,
  title={Solution of problems of elasticity by the framework method},
  author={Hrennikoff, Alexander},
  year={1941},
  publisher={American Society of Mechanical Engineers}
}

@article{courant1943variational,
  title={Variational methods for the solution of problems of equilibrium and vibrations},
  author={Courant, Richard},
  journal={Bulletin of the American mathematical Society},
  volume={49},
  number={1},
  pages={1--23},
  year={1943},
  publisher={American Mathematical Society}
}

@incollection{bandela2020finite,
  title={Finite Element Analysis and Its Applications in Dentistry},
  author={Bandela, Vinod and Kanaparthi, Saraswathi},
  booktitle={Finite Element Methods and Their Applications},
  year={2020},
  publisher={IntechOpen London, UK}
}

@article{stein2009olgierd,
  title={Olgierd C. Zienkiewicz, a pioneer in the development of the finite element method in engineering science},
  author={Stein, Erwin},
  journal={Steel Construction: Design and Research},
  volume={2},
  number={4},
  pages={264--272},
  year={2009},
  publisher={Wiley Online Library}
}

@article{strang1973analysis,
  title={An analysis of the finite element method(Book- An analysis of the finite element method.)},
  author={Strang, Gilbert and Fix, George J},
  journal={Englewood Cliffs, N. J., Prentice-Hall, Inc., 1973. 318 p},
  year={1973}
}

@book{zienkiewicz2005finite,
  title={The finite element method: its basis and fundamentals},
  author={Zienkiewicz, Olek C and Taylor, Robert L and Zhu, Jian Z},
  year={2005},
  publisher={Elsevier}
}
@article{banakh2022oscillations,
  title={Oscillations properties of the dynamic fractal structures},
  author={Banakh, Ludmila},
  journal={Journal of Sound and Vibration},
  volume={520},
  pages={116541},
  year={2022},
  publisher={Elsevier}
}

